@misc{bentov2024,
      title={GASLITEing the Retrieval: Exploring Vulnerabilities in Dense Embedding-based Search}, 
      author={Matan Ben-Tov and Mahmood Sharif},
      year={2024},
      eprint={2412.20953},
      archivePrefix={arXiv},
      primaryClass={cs.CR},
      url={https://arxiv.org/abs/2412.20953}, 
}

@misc{wallace2021,
      title={Universal Adversarial Triggers for Attacking and Analyzing NLP}, 
      author={Eric Wallace and Shi Feng and Nikhil Kandpal and Matt Gardner and Sameer Singh},
      year={2021},
      eprint={1908.07125},
      archivePrefix={arXiv},
      primaryClass={cs.CL},
      url={https://arxiv.org/abs/1908.07125}, 
}

@misc{liang2025,
      title={Jailbreaking LLMs' Safeguard with Universal Magic Words for Text Embedding Models}, 
      author={Haoyu Liang and Youran Sun and Yunfeng Cai and Jun Zhu and Bo Zhang},
      year={2025},
      eprint={2501.18280},
      archivePrefix={arXiv},
      primaryClass={cs.CL},
      url={https://arxiv.org/abs/2501.18280}, 
}

@misc{subhash2023,
      title={Why do universal adversarial attacks work on large language models?: Geometry might be the answer}, 
      author={Varshini Subhash and Anna Bialas and Weiwei Pan and Finale Doshi-Velez},
      year={2023},
      eprint={2309.00254},
      archivePrefix={arXiv},
      primaryClass={cs.LG},
      url={https://arxiv.org/abs/2309.00254}, 
}

@misc{chen2025,
      title={Boosting Adversarial Transferability with Spatial Adversarial Alignment}, 
      author={Zhaoyu Chen and Haijing Guo and Kaixun Jiang and Jiyuan Fu and Xinyu Zhou and Dingkang Yang and Hao Tang and Bo Li and Wenqiang Zhang},
      year={2025},
      eprint={2501.01015},
      archivePrefix={arXiv},
      primaryClass={cs.CV},
      url={https://arxiv.org/abs/2501.01015}, 
}

@misc{lai2025,
      title={Robust Dataset Distillation by Matching Adversarial Trajectories}, 
      author={Wei Lai and Tianyu Ding and ren dongdong and Lei Wang and Jing Huo and Yang Gao and Wenbin Li},
      year={2025},
      eprint={2503.12069},
      archivePrefix={arXiv},
      primaryClass={cs.CV},
      url={https://arxiv.org/abs/2503.12069}, 
}

@misc{luo2025,
      title={Adversarial Prompt Distillation for Vision-Language Models}, 
      author={Lin Luo and Xin Wang and Bojia Zi and Shihao Zhao and Xingjun Ma and Yu-Gang Jiang},
      year={2025},
      eprint={2411.15244},
      archivePrefix={arXiv},
      primaryClass={cs.CV},
      url={https://arxiv.org/abs/2411.15244}, 
}

@misc{zou2023,
      title={Universal and Transferable Adversarial Attacks on Aligned Language Models}, 
      author={Andy Zou and Zifan Wang and Nicholas Carlini and Milad Nasr and J. Zico Kolter and Matt Fredrikson},
      year={2023},
      eprint={2307.15043},
      archivePrefix={arXiv},
      primaryClass={cs.CL},
      url={https://arxiv.org/abs/2307.15043}, 
}

@misc{yao2025,
      title={Understanding Model Ensemble in Transferable Adversarial Attack}, 
      author={Wei Yao and Zeliang Zhang and Huayi Tang and Yong Liu},
      year={2025},
      eprint={2410.06851},
      archivePrefix={arXiv},
      primaryClass={cs.LG},
      url={https://arxiv.org/abs/2410.06851}, 
}